@string{apl = {Appl. Phys. Lett.}}
@string{arpc = {Annu. Rev. Phys. Chem.}}
@string{assp = {Adv. Solid State Phys.}}
@string{cise = {Computing in Science and Eng.}}
@string{cpl = {Chem. Phys. Lett.}}
@string{epl = {Europhys. Lett.}}
@string{ijqc = {Int. J. Quant. Chem.}}
@string{jap = {J. Appl. Phys.}}
@string{jce = {J. Comput. Electron.}}
@string{jcg = {J. Cryst. Growth}}
@string{jcp = {J. Chem. Phys.}}
@string{jem = {J. Elec. Mat.}}
@string{jltp = {J. of Low Temp. Phys.}}
@string{jp = {J. Physique}}
@string{jpc = {J. Phys. Chem.}}
@string{jpcb = {J. Phys. Chem. B}}
@string{jpcm = {J. Phys.: Condens. Matter}}
@string{jsp = {J. Stat. Phys.}}
@string{mrs = {MRS Bull.}}
@string{nature = {Nature}}
@string{npa = {Nuc. Phys. A}}
@string{pe = {Physica E}}
@string{pla = {Phys. Lett. A}}
@string{plb = {Phys. Lett. B}}
@string{pnas = {Proc. Nat. Acad. Sci.}}
@string{pr = {Phys. Rev}}
@string{pra = {Phys. Rev. A}}
@string{prb = {Phys. Rev. B}}
@string{prc = {Phys. Rev. C}}
@string{prd = {Phys. Rev. D}}
@string{pre = {Phys. Rev. E}}
@string{prl = {Phys. Rev. Lett.}}
@string{pssa = {Phys. Stat. Sol. (a)}}
@string{pssb = {Phys. Stat. Sol. (b)}}
@string{rmp = {Rev. Mod. Phys.}}
@string{science = {Science}}
@string{sm = {Superlattices and Microstructures}}
@string{ssc = {Solid State Comm.}}
@string{sst = {Semicond. Sci. Technol.}}

 @misc{richter_2021, title={Infographic: Rise of the Robots}, url={https://www.statista.com/chart/26210/\\operational-stock-of-industrial-robots/}, journal={Statista Infographics}, author={Richter, Felix}, year={2021}, month={Nov}} 
 @misc{Kottasova, title={Forget drones, here come delivery robots}, url={https://money.cnn.com/2015/11/03/technology/starship-delivery-robots/}, journal={CNNMoney}, publisher={Cable News Network}, author={Kottasova, Ivana}, year={2015}}
 
 @misc{stahl_2021, title={Robots come to the rescue after Fukushima Daiichi nuclear disaster}, url={https://www.cbsnews.com/news/robots-fukushima\\-daiichi-nuclear-disaster-60-minutes-2021-07-11/}, journal={CBS News}, publisher={CBS Interactive}, author={Stahl, Lesley}, year={2021}}
 
  @article{thrun_2010, title={Toward robotic cars}, volume={53}, DOI={10.1145/1721654.1721679}, number={4}, journal={Communications of the ACM}, author={Thrun, Sebastian}, year={2010}, pages={99–106}} 

 @misc{mayo_2022, title={Robotic surgery}, url={https://www.mayoclinic.org/tests-procedures/\\robotic-surgery/about/pac-20394974}, journal={Mayo Clinic}, publisher={Mayo Foundation for Medical Education and Research}, author={Mayo}, year={2022}, month={May}} 

@INPROCEEDINGS{Ames1,  author={Ames, Aaron D. and Grizzle, Jessy W. and Tabuada, Paulo},  booktitle={53rd IEEE Conference on Decision and Control},   title={Control barrier function based quadratic programs with application to adaptive cruise control},   year={2014},  volume={},  number={},  pages={6271-6278},  doi={10.1109/CDC.2014.7040372}}

@article{nagumo_1942,
  title={Über die Lage der Integralkurven gewöhnlicher Differentialgleichungen},
  author={Mitio Nagumo},
  journal={Proceedings of the Physico-Mathematical Society of Japan. 3rd Series},
  volume={24},
  number={ },
  pages={551-559},
  year={1942},
  doi={10.11429/ppmsj1919.24.0_551}
}

@INPROCEEDINGS{Yaghoubi,
  author={Yaghoubi, Shakiba and Fainekos, Georgios and Sankaranarayanan, Sriram},
  booktitle={2020 IEEE 23rd International Conference on Intelligent Transportation Systems (ITSC)}, 
  title={Training Neural Network Controllers Using Control Barrier Functions in the Presence of Disturbances}, 
  year={2020},
  volume={},
  number={},
  pages={1-6},
  doi={10.1109/ITSC45102.2020.9294485}}


@ARTICLE{Xiao,  author={Xiao, Wei and Belta, Calin},  journal={IEEE Transactions on Automatic Control},   title={High-Order Control Barrier Functions},   year={2022},  volume={67},  number={7},  pages={3655-3662},  doi={10.1109/TAC.2021.3105491}}

@INPROCEEDINGS{Nguyen,  author={Nguyen, Quan and Sreenath, Koushil},  booktitle={2016 American Control Conference (ACC)},   title={Exponential Control Barrier Functions for enforcing high relative-degree safety-critical constraints},   year={2016},  volume={},  number={},  pages={322-328},  doi={10.1109/ACC.2016.7524935}}

@article{Hahn,
    author="Hubert Hahn",
    title="Rigid Body Dynamics of Mechanisms",
    pages="143",
    year="2002",
    publisher="Springer"
}

@book {Walker,
    author = {M.W Walker D.E Orin},
    title="Efficient Dynamic Computer Simulation of Robotic Mechanisms",
    journal="American Society of Mechanical Engineers",
    Volume="103",
    Number="10",
    pages="205 - 211",
    year = "1982",
    DOI="10.1115/1.3139699"
}

@book {Blanchini,
    author = {Franco Blanchini},
    title="Automatica",
    year = "1999"
}

@book{paul_1992, place={Cambridge}, title={Robot manipulators: Mathematics, programming, and control ; the computer control of robot manipulators}, publisher={MIT Press}, author={Paul, Richard P.}, year={1992}} 

 @misc{isenberg_2020, place={Prescott, Arizona}, title={Recursive Jacobian Techniques}, journal={ME 304 Robotics II}, publisher={Embry Riddle Aeronautical University}, author={Isenberg, Douglas}, year={2020}, month={Feb}} 

@article{walker_orin_1982, title={Efficient Dynamic Computer Simulation of robotic mechanisms}, volume={104}, DOI={10.1115/1.3139699}, number={3}, journal={Journal of Dynamic Systems, Measurement, and Control}, author={Walker, M. W. and Orin, D. E.}, year={1982}, pages={205–211}} 

@book{featherstone_2007, title={Rigid body dynamics algorithms}, publisher={Springer}, author={Featherstone, Roy}, year={2007}} 

@inbook{shabana_2010, place={Chichester, West Sussex}, title={Spatial Dynamics}, booktitle={Computational Dynamics}, publisher={John Wiley &amp; Sons}, author={Shabana, Ahmed A.}, year={2010}, pages={393–394}} 

@misc{ woolfrey_2018, place={https://www.youtube.com/watch?v=-T6Ec-KxMT8}, title={2.4 Derivatives of the Rotation Matrix}, journal={41013 Robotics}, publisher={https://www.youtube.com/watch?v=-T6Ec-KxMT8}, author={ Woolfrey, John}, year={2018}} 

 @inbook{lynch_park_2019, place={Cambridge, United Kingdom}, title={12.2.1 Friction}, booktitle={Modern Robotics: Mechanics, planning, and Control}, publisher={Cambridge University Press}, author={Lynch, Kevin and Park, Frank C.}, year={2019}} 
 
@book{asada_slotine_1986, place={New York}, title={Robot Analysis and Control}, publisher={J. Wiley}, author={Asada, Haruhiko and Slotine, Jean-Jacques E.}, year={1986}} 

@misc{tedrake, title={Underactuated Robotics}, url={\\http://underactuated.mit.edu/multibody.html}, journal={Ch. 22 - Multi-Body Dynamics}, author={Tedrake, Russ}, year={2022}} 

 @book{riley_hobson_bence_2006, place={Cambridge}, title={Mathematical methods for physics and engineering}, publisher={Cambridge University Press}, author={Riley, K. F. and Hobson, M. P. and Bence, S. J.}, year={2006}} 
 
 @article{osqp,
  author  = {Stellato, B. and Banjac, G. and Goulart, P. and Bemporad, A. and Boyd, S.},
  title   = {{OSQP}: an operator splitting solver for quadratic programs},
  journal = {Mathematical Programming Computation},
  year    = {2020},
  volume  = {12},
  number  = {4},
  pages   = {637--672},
  doi     = {10.1007/s12532-020-00179-2},
  url     = {https://doi.org/10.1007/s12532-020-00179-2},
}